1680 2792
331 24 392 99 58
612 18 880 78 Nrssvr..
924 16 1314 78 Νεινιοκζ

328 121 695 202 taphyficum‚
718 120 960 178 ethicum
991 120 1268 181 morosum
1293 165 1311 192 ‚
1335 124 1588 203 iniquum

328 204 618 263 Politicum
634 245 651 271 ‚
674 201 965 260 Iuridicum
997 202 1381 281 flexiloquum,
1407 205 1589 264 Medi-

327 304 454 342 cum
475 287 831 364 ineptientem
855 326 871 351 ‚
917 282 1270 362 Theologum
1295 285 1507 352 ἒπρόδιξον
1530 291 1589 343 ὃς

330 365 750 423 contentiosum.
797 363 957 444 Qd
972 363 1187 422 multis?
1213 367 1260 421 A
1287 368 1468 444 primis
1490 367 1590 424 sta·-

329 451 429 504 tim
451 449 634 512 initiiS,
661 466 784 504 cum
798 448 972 526 pueris
1001 443 1220 502 infundi
1240 466 1404 525 atque
1426 446 1593 504 instil-

315 526 423 592 lari
438 531 725 608 coeperint,
751 547 930 585 mores
944 526 1247 585 eorundem
1270 527 1593 606 plerumque

330 627 548 666 mutant
568 613 624 665 in
641 609 904 672 deterius,
955 612 1014 666 &
1037 628 1158 665 cum
1188 628 1424 686 nequam
1448 612 1594 690 prius

330 686 561 753 fuerint,
594 689 771 746 multo
794 688 994 748 deinde
1026 688 1267 746 euadunt
1290 695 1597 768 nequiores.

333 769 808 849 Qodfietiamin
833 792 947 829 non
965 789 1075 828 tam
1093 769 1295 827 malum
1321 813 1338 839 ‚
1364 770 1448 828 sed
1473 769 1598 827 stul-

332 868 452 909 tum
477 851 717 930 aliquem
733 852 978 910 incidant
994 895 1010 921 ‚
1025 852 1158 908 nihil
1172 853 1268 910 illo
1281 851 1596 911 insolentius

332 954 392 989 ac
407 936 784 1013 inopportunfi
804 938 971 1012 magis
987 957 999 990 :
1014 952 1138 990 nam
1152 953 1337 1014 praeter
1349 933 1593 1012 id,quod

329 1014 407 1070 illi
422 1014 490 1070 de
505 1034 735 1093 cognata
748 1016 965 1072 stultitia
979 1014 1205 1095 superest
1217 1058 1231 1079 ,
1245 1034 1423 1074 tuetur
1437 1015 1595 1073 illum

333 1095 596 1152 dostrinae
611 1098 865 1154 autoritas
879 1138 894 1159 ‚
927 1096 1204 1175 habetque
1228 1099 1496 1156 literarum
1510 1100 1597 1154 in-

331 1177 626 1237 strumenta
646 1219 664 1242 ‚
706 1176 905 1256 quibus
938 1180 1084 1235 iuam
1117 1175 1378 1236 defendat
1409 1197 1598 1236 arnen-

332 1263 494 1324 tiam,
522 1259 720 1336 quibus
755 1262 924 1316 caeteri
962 1260 1104 1316 stulti
1142 1280 1378 1318 carentes
1413 1264 1597 1317 mitius

331 1336 632 1404 insaniunt,
656 1338 1130 1419 quemadmodum
1155 1339 1223 1398 de
1256 1341 1500 1402 Rhetore
1525 1345 1599 1397 ait

330 1420 490 1477 Plato
516 1446 530 1476 .·
552 1430 679 1479 Nam
709 1441 795 1497 quo
822 1428 908 1479 erit
947 1425 1203 1500 (inquit)
1252 1425 1441 1500 ineptior
1461 1439 1601 1501 atque

332 1504 580 1568 metamor,
603 1505 683 1560 hoc
703 1510 837 1579 plura
857 1504 1098 1571 narrabit,
1132 1504 1400 1561 imitabitur
1423 1509 1599 1571 omnia,

333 1584 539 1659 nihilque
566 1588 804 1664 indignum
817 1584 866 1658 se
881 1586 1088 1661 putabit.
1132 1584 1291 1641 Nihil
1314 1588 1473 1665 igitur
1509 1606 1600 1643 ex-

332 1663 561 1730 itialius,
591 1687 756 1744 quam
771 1685 894 1723 cum
920 1669 1129 1723 ratione
1152 1662 1408 1734 insanire,
1441 1668 1603 1723 meri·

337 1764 397 1802 to
421 1745 589 1804 videri
620 1748 827 1827 potest3
873 1766 1038 1826 atque
1065 1745 1205 1804 adeo
1236 1766 1373 1805 artes
1406 1767 1602 1806 omnes
1628 1790 1631 1791 ν

336 1846 502 1904 atque
533 1828 783 1893 scientiae‚
818 1848 941 1884 cum
973 1828 1266 1885 deteriores
1297 1828 1600 1908 plerunque

337 1907 619 1966 seetatores
634 1909 753 1968 suos
769 1906 969 1966 faciant
981 1952 999 1978 ,
1010 1912 1352 1967 exterminari
1371 1929 1534 1990 atque
1548 1929 1605 1968 e-

339 1987 571 2046 liminari
586 1990 803 2048 debent.

127 2064 241 2118 ῙῙῙ·
361 2122 367 2128 ,
428 2073 574 2127 Errat
594 2093 773 2130 autern
800 2074 1036 2152 Agrippa
1061 2071 1323 2152 grandem
1345 2092 1604 2140 errorem,

49 2147 155 2219 zius
178 2142 323 2207 consu·
344 2155 633 2230 &ignorat
667 2151 824 2211 craffa
855 2158 1180 2233 ignorantia.
1264 2157 1412 2234 Qs
1455 2157 1605 2212 enim

51 2224 177 2260 ³⁴⁰⁰·
339 2235 530 2290 vinum
579 2235 654 2293 ob
711 2236 1089 2306 temulentiam
1142 2254 1321 2292 meam
1377 2237 1559 2315 culpet
1583 2249 1603 2293 ἓ

345 2314 492 2390 Qis
521 2335 709 2374 aurum
732 2335 954 2397 propter
975 2314 1153 2374 furem
1180 2329 1196 2371 ἓ
1241 2320 1389 2396 Qis
1419 2315 1605 2374 ensem

342 2413 563 2477 propter
584 2397 887 2458 latronem?
936 2400 1073 2458 Non
1100 2415 1237 2456 terra
1266 2404 1458 2459 vinum
1483 2417 1607 2457 eam

1527 2476 1604 2538 ob
